% thesis
@phdthesis{DBLP:books/daglib/0036235,
  author    = {Michel Steuwer},
  title     = {Improving Programmability and Performance Portability on Many-Core
               Processors},
  school    = {University of M{\"{u}}nster},
  year      = {2015},
  note      = {Grade: \textit{Summa Cum Laude}, Supervied by Prof. Sergei Gorlatch, Nominated for the \textbf{prize for best dissertation} awarded by the German Informatics Society},
  keywords  = {thesis},
}
% journal article
@article{StHBG:14,
  author    = {Steuwer, M. and Haidl, M. and Breuer, S. and Gorlatch, S.},
  title     = {{High-Level Programming of Stencil Computations on Multi-GPU Systems
               Using the SkelCL Library}},
  journal   = {Parallel Processing Letters},
  year      = {2014},
  volume    = {24},
  number    = {3},
  note      = {\textbf{Featured article} and among top 10 \textbf{most read} articles on \texttt{www.worldscientific.com}},
  keywords  = {journal},
}
@article{OlSDGH:14,
  author    = {Olejnik, M. and Steuwer, M. and Dybowski, J. N. and Gorlatch, S. and Heider, D.},
  title     = {{gCUP: Rapid GPU-based HIV-1 Coreceptor Usage Prediction for Next-Generation Sequencing}},
  journal   = {Bioinformatics},
  year      = {2014},
  volume    = {30},
  number    = {22},
  keywords  = {journal},
}
@article{StG:14,
  author    = {Steuwer, M. and Gorlatch, S.},
  title     = {{SkelCL: A High-Level Extension of OpenCL for Multi-GPU Systems}},
  journal   = {The Journal of Supercomputing},
  volume    = {69},
  number    = {1},
  year      = {2014},
  keywords  = {journal},
}
@article{StFAG:14,
  author    = {Steuwer, M. and Friese, M. and Albers, S. and Gorlatch, S.},
  title     = {{Introducing and Implementing the Allpairs Skeleton for GPU Systems}},
  journal   = {Int. Journal of Parallel Programming},
  year      = {2014},
  volume    = {42},
  number    = {4},
  keywords  = {journal},
}
@article{KeSG:13,
  author    = {Kegel, P. and Steuwer, M. and Gorlatch, S.},
  title     = {{dOpenCL: Towards uniform programming of distributed
               heterogeneous multi-/many-core systems}},
  journal   = {Journal of Parallel and Distributed Computing},
  volume    = {73},
  number    = {12},
  year      = {2013},
  keywords  = {journal},
}

% conference proceedings
@inproceedings{CASES2016,
  author    = {Michel Steuwer and Toomas Remmelg and Christophe Dubach},
  title     = {Matrix Multiplication Beyond Auto-Tuning: Rewrite-based GPU Code Generation},
  booktitle = {Proceedings of the 2016 International Conference on Compilers, Architecture, and Synthesis of Embedded Systems,
               {CASES}},
  year      = {2016},
  location  = {Pittsburgh, USA},
  keywords  = {proceedings, conference}
}
@inproceedings{DBLP:conf/icfp/SteuwerFLD15,
  author    = {Michel Steuwer and
               Christian Fensch and
               Sam Lindley and
               Christophe Dubach},
  editor    = {Kathleen Fisher and
               John H. Reppy},
  title     = {Generating Performance Portable Code using Rewrite Rules: From High-Level
               Functional Expressions to High-Performance OpenCL Code},
  booktitle = {Proceedings of the 20th {ACM} {SIGPLAN} International Conference on
               Functional Programming, {ICFP} 2015},
  year      = {2015},
  note      = {\textbf{Acceptance Rate 29\%}, \textbf{4th most downloaded paper} from ACM's DL of ICFP 2015},
  location  = {Vancouver, Canada},
  keywords  = {proceedings, conference},
}
@inproceedings{DBLP:conf/pppj/FumeroRSD15,
  author    = {Juan Jos{\'{e}} Fumero and
               Toomas Remmelg and
               Michel Steuwer and
               Christophe Dubach},
  editor    = {Ryan Stansifer and
               Andreas Krall},
  title     = {Runtime Code Generation and Data Management for Heterogeneous Computing
               in Java},
  booktitle = {Proceedings of the Principles and Practices of Programming on the
               Java Platform, {PPPJ} 2015},
  year      = {2015},
  location  = {Melbourne, USA},
  keywords  = {proceedings, conference},
}
@inproceedings{GoS:14,
  author    = {Gorlatch, S. and Steuwer, M.},
  title     = {{Towards High-Level Programming for Systems with Many Cores}},
  booktitle = {Perspectives of Systems Informatics 9th International Andrei Ershov Memorial Conference (PSI 2014)},
  year      = {2014},
  location  = {St. Petersburg, Russia},
  keywords  = {proceedings, conference},
}
@inproceedings{StG:13,
  author    = {Steuwer, M. and Gorlatch, S.},
  title     = {{High-Level Programming for Medical Imaging on Multi-GPU Systems
                using the SkelCL Library}},
  series    = {Procedia Computer Science},
  booktitle = {Proc. of the Int. Conference on Computational
               Science, (ICCS)},
  volume    = {18},
  year      = {2013},
  location  = {Barcelona, Spain},
  keywords  = {proceedings, conference},
}
@inproceedings{StG:13b,
  author    = {Steuwer, M. and Gorlatch, S.},
  title     = {{SkelCL: Enhancing OpenCL for High-Level Programming of Multi-GPU
                Systems}},
  booktitle = {Parallel Computing Technologies 2013},
  series    = {Lecture Notes in Computer Science},
  year      = {2013},
  location  = {St. Petersburg, Russia},
  note      = {\textbf{18 citations} on Google Scholar},
  keywords  = {proceedings, conference},
}
@inproceedings{StKG:12b,
  author    = {Steuwer, M. and
               Kegel, P. and
               Gorlatch, S.},
  title     = {{A High-Level Programming Approach for Distributed Systems
                with Accelerators}},
  booktitle = {New Trends in Software Methodologies, Tools and Techniques --
               Proceedings of the 11th SoMeT'12},
  year      = {2012},
  keywords  = {proceedings, conference},
}

% workshop proceedings
@inproceedings{ReLSD:16,
  author    = {Toomas Remmelg and Thibaut Lutz and Michel Steuwer and Christophe Dubach},
  title     = {Performance Portable GPU Code Generation for Matrix Multiplication},
  booktitle = {GPGPU'16: Proceedings of the 9th {ACM} Workshop on General Purpose Processing using GPUs},
  year      = {2016},
  location  = {Barcelona, Spain},
  keywords  = {proceedings, workshop},
}
@inproceedings{HaSHG:16,
  author    = {Michael Haidl and Michel Steuwer and Tim Humernbrum and Sergei Gorlatch},
  title     = {Multi-Stage Programming for GPUs in Modern C++ using PACXX},
  booktitle = {GPGPU'16: Proceedings of the 9th {ACM} Workshop on General Purpose Processing using GPUs},
  year      = {2016},
  location  = {Barcelona, Spain},
  keywords  = {proceedings, workshop},
}
@inproceedings{HaSCGD:16,
  author    = {Adam Harries and Michel Steuwer and Murray Cole and Alan Gray and Christophe Dubach},
  title     = {Compositional Compilation for Sparse, Irregular Data Parallelism},
  booktitle = {HLPGPGPU'16: Workshop on High-Level Prog. for Heterogeneous and Hierarchical Parallel Systems},
  year      = {2016},
  location  = {Prague, Czech Republic},
  keywords  = {proceedings, workshop},
}
@inproceedings{CuPSL:16b,
  author    = {Chris Cummins and Pavlos Petoumenos and Michel Steuwer and Hugh Leather},
  title     = {Towards Collaborative Performance Tuning of Algorithmic Skeletons},
  booktitle = {HLPGPGPU'16: Workshop on High-Level Prog. for Heterogeneous and Hierarchical Parallel Systems},
  year      = {2016},
  location  = {Prague, Czech Republic},
  keywords  = {proceedings, workshop},
}
@inproceedings{CuPSL:16,
  author    = {Chris Cummins and Pavlos Petoumenos and Michel Steuwer and Hugh Leather},
  title     = {Autotuning OpenCL Workgroup Size for Stencil Patterns},
  booktitle = {ADAPT'16: Proceedings of the 2016 International Workshop
               on Adaptive Self-tuning Computing Systems},
  year      = {2016},
  location  = {Prague, Czech Republic},
  keywords  = {proceedings, workshop},
}
@inproceedings{FuSD:14,
  author    = {Juan Jos{\'{e}} Fumero and Steuwer, M. and Dubach, C.},
  title     = {A Composable Array Function Interface for Heterogeneous Computing in Java},
  booktitle = {ARRAY'14: Proceedings of the 2014 {ACM} {SIGPLAN} International Workshop
               on Libraries, Languages, and Compilers for Array Programming},
  year      = {2014},
  location  = {Edinburgh, Scotland},
  keywords  = {proceedings, workshop},
}
@inproceedings{BrSG:14,
  author    = {Breuer, S. and Steuwer, M. and Gorlatch, S.},
  title     = {Extending the SkelCL Skeleton Library for Stencil Computations on Multi-GPU Systems},
  booktitle = {Proceedings of the 1st International Workshop on High-Performance Stencil Computations},
  year      = {2014},
  location  = {Vienna, Austria},
  keywords  = {proceedings, workshop},
}
@inproceedings{StKG:12,
  author    = {Steuwer, M. and
               Kegel, P. and
               Gorlatch, S.},
  title     = {{Towards High-Level Programming of Multi-{GPU} Systems Using
                the SkelCL Library}},
  booktitle = {IEEE International Symposium on Parallel and Distributed
  Processing Workshops},
  year      = {2012},
  ee        = {http://doi.ieeecomputersociety.org/10.1109/IPDPSW.2012.229},
  bibsource = {DBLP, http://dblp.uni-trier.de},
  %note      = {\textbf{15 citations} on Google Scholar},
  keywords  = {proceedings, workshop},
}
@inproceedings{StGBB:12,
  author    = {Steuwer, M. and Gorlatch, S. and Bu{\ss}, M. and Breuer, S.},
  editor    = {Ioannis, C. and Michael, A. and Rosa{, et. al}, B.},
  title     = {{Using the {SkelCL} Library for High-Level {GPU} Programming of {2D} Applications}},
  booktitle = {Euro-Par 2012: Parallel Processing Workshops},
  year      = {2012},
  series    = {Lecture Notes in Computer Science},
  location  = {Rhodes Island, Greece},
  keywords  = {proceedings, workshop},
}
@inproceedings{KeSG:12,
  author    = {Kegel, P. and
               Steuwer, M. and
               Gorlatch, S.},
  title     = {{dOpenCL: Towards a Uniform Programming Approach for Distributed
                Heterogeneous Multi-/Many-Core Systems}},
  booktitle = {IEEE International Symposium on Parallel and Distributed
  Processing Workshops},
  year      = {2012},
  ee        = {http://doi.ieeecomputersociety.org/10.1109/IPDPSW.2012.16},
  bibsource = {DBLP, http://dblp.uni-trier.de},
  %note      = {\textbf{22 citations} on Google Scholar},
  keywords  = {proceedings, workshop},
}
@inproceedings{StKG:11,
  author    = {Steuwer, M. and
               Kegel, P. and
               Gorlatch, S.},
  title     = {{SkelCL - A Portable Skeleton Library for High-Level GPU
                Programming}},
  booktitle = {IEEE International Symposium on Parallel and Distributed
  Processing Workshops},
  year      = {2011},
  ee        = {http://doi.ieeecomputersociety.org/10.1109/IPDPS.2011.269},
  bibsource = {DBLP, http://dblp.uni-trier.de},
  %note      = {\textbf{83 citations} on Google Scholar},
  keywords  = {proceedings, workshop},
}

% book chapter
@inbook{St:16,
  author    = {Michel Steuwer},
  editor    = {Steffen H{\"{o}}lldobler},
  title     = {Verbesserung der Programmierbarkeit und Performance-Portabilit{\"a}t von Manycore-Prozessoren {(\small Improving Programmability and Performance Portability on Many-Core Processors)}},
  booktitle = {Ausgezeichnete Informatikdissertationen 2015 {(\small Distinguished Dissertations in Informatics 2015)}},
  series    = {{Lecture Notes in Informatics}},
  publisher = {{German Informatics Society}},
  year      = {2016},
  %note      = {(to appear)},
  keywords  = {book},
}
@inbook{KeGEDSK:13,
  author    = {Kessler, C. and Gorlatch, S. and Emmyren, J. and Dastgeer, U. and Steuwer, M. and Kegel, P.},
  title     = {{Skeleton Programming for Portable Many-Core Computing}},
  booktitle = {Programming Multi-core and Many-core Computing Systems},
  publisher = {Wiley},
  year      = {2014},
  keywords  = {book},
}
@inbook{KeSG:13b,
  author    = {Kegel, P. and Steuwer, M. and Gorlatch, S.},
  title     = {{Uniform High-Level Programming of Many-Core and Multi-GPU Systems}},
  booktitle = {Transition of HPC Towards Exascale Computing},
  volume    = {24},
  series    = {Advances in Parallel Computing},
  publisher = {IOS Press},
  year      = {2013},
  keywords  = {book},
}
