@inbook{St:16,
  author    = {Michel Steuwer},
  editor    = {Steffen Hölldobler},
  title     = {Verbesserung der Programmierbarkeit und Performance-Portabilität von
               Manycore-Prozessoren {(\small Improving Programmability and
               Performance Portability on Many-Core Processors)}},
  booktitle = {Ausgezeichnete Informatikdissertationen 2015
                {(\small Distinguished Dissertations in Informatics 2015)}},
  series    = {Lecture Notes in Informatics},
  publisher = {German Informatics Society},
  year      = {2016}
}

@inbook{KeGEDSK:13,
  author    = {Christopher Kessler and
               Sergei Gorlatch and
               Johan Emmyren and
               Usman Dastgeer and
               Michel Steuwer and
               Philipp Kegel},
  title     = {Skeleton Programming for Portable Many-Core Computing},
  booktitle = {Programming Multi-core and Many-core Computing Systems},
  publisher = {Wiley},
  year      = {2014}
}

@inbook{KeSG:13b,
  author    = {Philipp Kegel and
               Michel Steuwer and
               Sergei Gorlatch},
  title     = {Uniform High-Level Programming of Many-Core and Multi-GPU Systems},
  booktitle = {Transition of HPC Towards Exascale Computing},
  volume    = {24},
  series    = {Advances in Parallel Computing},
  publisher = {IOS Press},
  year      = {2013}
}