@inproceedings{HollenbeckBS2022,
  author    = {Celeste Hollenbeck and
               Michael F. P. O'Boyle and
               Michel Steuwer},
  title     = {Investigating Magic Numbers: Improving the Inlining Heuristic in the
               Glasgow Haskell Compiler},
  booktitle = {\highlight{Haskell 2022}: Proceedings of the 15th ACM SIGPLAN
               International Symposium on Haskell,
               Ljubljana, Slovenia, September 15-16, 2022},
  publisher = {ACM},
  year      = {2022}
}

@inproceedings{PizzutiSD22,
  author    = {Federico Pizzuti and
               Michel Steuwer and
               Christophe Dubach},
  title     = {Generating Work Efficient Scan Implementations for GPUs the Functional Way},
  booktitle = {Euro-Par 2022: Parallel Processing - 28th International Conference
               on Parallel and Distributed Computing, Glasgow, UK, August 22-26,
               2022, Proceedings},
  series    = {Lecture Notes in Computer Science},
  publisher = {Springer},
  year      = {2022}
}

@inproceedings{ipdps/StoltzfusHSLD21,
  author    = {Larisa Stoltzfus and
               Brian Hamilton and
               Michel Steuwer and
               Lu Li and
               Christophe Dubach},
  title     = {Code Generation for Room Acoustics Simulations with Complex Boundary
               Conditions},
  booktitle = {35th IEEE International Parallel and Distributed Processing Symposium,
               \highlight{IPDPS 2021}, May 17-21, 2021},
  publisher = {IEEE},
  year      = {2021}
}

@inproceedings{cc/LueckeSS2020,
  author    = {Martin Lücke and
               Michel Steuwer and
               Aaron Smith},
  title     = {Integrating a Functional Pattern-based IR into MLIR},
  booktitle = {Proceedings of the ACM SIGPLAN 2021 International Conference on Compiler Construction, \highlight{CC 2021}, March 2-3, 2021},
  publisher = {ACM},
  year      = {2021}
}

@inproceedings{cgo/KoehlerS2020,
  author    = {Thomas Koehler and
               Michel Steuwer},
  title     = {Towards a Domain Extensible Compiler: Optimizing an image processing pipeline on mobile CPUs},
  booktitle = {Proceedings of the 2021 International Symposium on Code Generation
               and Optimization, \highlight{CGO 2021}, February 27 - March 3, 2021},
  publisher = {IEEE},
  year      = {2021}
}

@inproceedings{dls/MortonKLSDSCB2020,
  author    = {John Magnus Morton and
               Kuba Kasyk and
               Lu Li and
               Jiawen Sun and
               Christophe Dubach and
               Michel Steuwer and
               Murray Cole and 
               Michael F. P. O'Boyle},
  title     = {DelayRepay: Delayed Execution for Kernel Fusion in Python},
  booktitle = {Proceedings of the 16th ACM SIGPLAN International Symposium on
               Dynamic Languages, \highlight{DLS} 2020, November 18, 2020},
  year      = {2020},
  publisher = {ACM}
}

@inproceedings{cgo/PizzutiSD2020,
  author    = {Federico Pizzuti and
               Michel Steuwer and
               Christophe Dubach},
  title     = {Generating Fast Sparse Matrix Vector Multiplication from a
               High Level Generic Functional IR},
  booktitle = {Proceedings of the ACM SIGPLAN 2020 International Conference on
               Compiler Construction, \highlight{CC 2020},
               San Diego, CA, USA, February 22-23, 2020},
  publisher = {ACM},
  year      = {2020}
}

@inproceedings{asplos/GinsbachReStBoDuBo2018,
  author    = {Philip Ginsbach and
               Toomas Remmelg and
               Michel Steuwer and
               Bruno Bodin and
               Christophe Dubach and
               Michael F. P. O'Boyle},
  title     = {Automatic matching of legacy code to heterogeneous APIs:
               An idiomatic approach},
  booktitle = {Proceedings of the 23rd International Conference on Architectural Support
               for Programming Languages and Operating Systems, \highlight{ASPLOS 2018},
               Williamsburg, VA, USA, March 24-28, 2018},
  publisher = {ACM},
  year      = {2018},
  note      = {\strongHighlight{HiPEAC Paper Award},
               \strongHighlight{23 citations} on Google Scholar}
}

@inproceedings{cgo/HagedornStStGoDu2018,
  author    = {Bastian Hagedorn and
               Larisa Stoltzfus and
               Michel Steuwer and
               Sergei Gorlatch and
               Christophe Dubach},
  title     = {High Performance Stencil Code Generation with Lift},
  booktitle = {Proceedings of the 2018 International Symposium on Code Generation
               and Optimization, \highlight{CGO 2018},
               Vienna, Austria, February 24-28, 2018},
  publisher = {ACM},
  year      = {2018},
  note      = {\strongHighlight{Best Paper Award Winner},
               \strongHighlight{96 citations} on Google Scholar}
}

@inproceedings{ershov/HagedornStGo2017,
  author    = {Bastian Hagedorn and
               Michel Steuwer and
               Sergei Gorlatch},
  title     = {A Transformation-Based Approach to Developing High-Performance GPU Programs},
  booktitle = {Perspectives of System Informatics - 11th International Ershov Informatics
               Conference, \highlight{PSI 2017}, Moscow, Russia, June 26-29, 2017},
  year      = {2017},
  publisher = {Springer}
}

@inproceedings{vee/FumeroStStDu2017,
  author    = {Juan José Fumero and
               Michel Steuwer and
               Lukas Stadler and
               Christophe Dubach},
  title     = {Just-In-Time GPU Compilation for Interpreted Languages with Partial Evaluation},
  booktitle = {Proceedings of the 13th ACM SIGPLAN/SIGOPS International Conference
               on Virtual Execution Environments, \highlight{VEE 2017}, Xi'an, China, April 8-9, 2017},
  publisher = {ACM},
  year      = {2017},
  note      = {\strongHighlight{32 citations} on Google Scholar}
}

@inproceedings{cgo/SteuwerReDu2017,
  author    = {Michel Steuwer and
               Toomas Remmelg and
               Christophe Dubach},
  title     = {Lift: A Functional Data-Parallel IR for High-Performance
               GPU Code Generation},
  booktitle = {Proceedings of the 2017 International Symposium on Code Generation
               and Optimization, \highlight{CGO 2017},
               Austin, TX, USA, February 4-8, 2017},
  publisher = {IEEE},
  year      = {2017},
  note      = {\strongHighlight{174 citations} on Google Scholar,
               \strongHighlight{most cited paper of CGO 2017}}
}

@inproceedings{CASES2016,
  author    = {Michel Steuwer and
               Toomas Remmelg and
               Christophe Dubach},
  title     = {Matrix Multiplication Beyond Auto-Tuning: Rewrite-based GPU Code Generation},
  booktitle = {Proceedings of the 2016 International Conference on Compilers, Architecture,
               and Synthesis of Embedded Systems, \highlight{CASES 2016},
               Pittsburgh, USA, October 1-7, 2016},
  year      = {2016},
  publisher = {ACM},
  note      = {\strongHighlight{28 citations} on Google Scholar}
}

@inproceedings{DBLP:conf/icfp/SteuwerFLD15,
  author    = {Michel Steuwer and
               Christian Fensch and
               Sam Lindley and
               Christophe Dubach},
  title     = {Generating Performance Portable Code using Rewrite Rules:
               From High-Level Functional Expressions to High-Performance OpenCL Code},
  booktitle = {Proc. of the 20th ACM SIGPLAN International Conference on
               Functional Programming, \highlight{ICFP 2015},
               Vancouver, BC, Canada, September 1-3, 2015},
  year      = {2015},
  publisher = {ACM},
  note      = {\strongHighlight{151 citations} on Google Scholar,
               \strongHighlight{most cited paper of ICFP 2015}}
}

@inproceedings{DBLP:conf/pppj/FumeroRSD15,
  author    = {Juan José Fumero and
               Toomas Remmelg and
               Michel Steuwer and
               Christophe Dubach},
  title     = {Runtime Code Generation and Data Management for Heterogeneous
               Computing in Java},
  booktitle = {Proceedings of the Principles and Practices of Programming on the
               Java Platform, \highlight{PPPJ 2015},
               Melbourne, FL, USA, September 8-11, 2015},
  year      = {2015},
  publisher = {ACM},
  note      = {\strongHighlight{26 citations} on Google Scholar}
}

@inproceedings{GoS:14,
  author    = {Sergei Gorlatch and
               Michel Steuwer},
  title     = {Towards High-Level Programming for Systems with Many Cores},
  booktitle = {Perspectives of Systems Informatics 9th International
               Andrei Ershov Memorial Conference (\highlight{PSI 2014}),
               St. Petersburg, Russia, June 24-27, 2014},
  year      = {2014},
  publisher = {Springer}
}

@inproceedings{StG:13,
  author    = {Michel Steuwer and
               Sergei Gorlatch},
  title     = {High-Level Programming for Medical Imaging on Multi-GPU Systems
               using the SkelCL Library},
  series    = {Procedia Computer Science},
  booktitle = {Proc. of the Intl. Conference on Computational Science,
               \highlight{ICCS 2013}, Barcelona, Spain, 5-7 June, 2013},
  volume    = {18},
  year      = {2013},
  publisher = {Elsevier}
}

@inproceedings{StG:13b,
  author    = {Michel Steuwer and
               Sergei Gorlatch},
  title     = {SkelCL: Enhancing OpenCL for High-Level Programming of Multi-GPU
               Systems},
  booktitle = {Parallel Computing Technologies - 12th International Conference,
               \highlight{PaCT 2013},
               St. Petersburg, Russia, September 30 - October 4, 2013},
  series    = {Lecture Notes in Computer Science},
  year      = {2013},
  publisher = {Springer},
  note      = {\strongHighlight{37 citations} on Google Scholar}
}

@inproceedings{StKG:12b,
  author    = {Michel Steuwer and
               Philipp Kegel and
               Sergei Gorlatch},
  title     = {A High-Level Programming Approach for Distributed Systems with Accelerators},
  booktitle = {New Trends in Software Methodologies, Tools and Techniques -
               Proceedings of the Eleventh \highlight{SoMeT '12},
               Genoa, Italy, September 26-28, 2012},
  series    = {Frontiers in Artificial Intelligence and Applications},
  volume    = {246},
  publisher = {IOS Press},
  year      = {2012}
}