@article{DBLP:journals/taco/RaschSSG21,
  author  = {Ari Rasch and
             Richard Schulze and
             Michel Steuwer and
             Sergei Gorlatch},
  title   = {Efficient Auto-Tuning of Parallel Programs with Interdependent Tuning
             Parameters via Auto-Tuning Framework (ATF)},
  journal = {ACM \highlight{TACO}},
  volume  = {18},
  number  = {1},
  year    = {2021}
}

@article{DBLP:journals/pacmpl/HagedornLKQGS20,
  author   = {Bastian Hagedorn and
              Johannes Lenfers and
              Thomas Koehler and
              Xueying Qin and
              Sergei Gorlatch and
              Michel Steuwer},
  title    = {Achieving high-performance the functional way: a functional pearl
              on expressing high-performance optimizations as rewrite strategies},
  journal  = {Proc. ACM Program. Lang.},
  volume   = {4},
  number   = {\highlight{ICFP}},
  year     = {2020},
  note     = {\highlight{24 citations} on Google Scholar,
              \strongHighlight{selected as only 1 of 4 ACM SIGPLAN Research
                               Highlights from 2020},
              \highlight{HiPEAC Paper Award},
              \strongHighlight{selected for publication as a Communications of the
                               ACM Research Highlight}}
}

@article{StHSGD:19,
  author  = {Larisa Stoltzfus and
             Bastian Hagedorn and
             Michel Steuwer and
             Sergei Gorlatch and
             Christophe Dubach},
  title   = {Tiling Optimizations for Stencil Computations Using Rewrite Rules
             in Lift},
  journal = {ACM \highlight{TACO}},
  volume  = {16},
  number  = {4},
  year    = {2020}
}

@article{StHBG:14,
  author  = {Michel Steuwer and
             Michael Haidl and
             Stefan Breuer and
             Sergei Gorlatch},
  title   = {High-Level Programming of Stencil Computations on Multi-GPU Systems
             Using the SkelCL Library},
  journal = {Parallel Processing Letters},
  year    = {2014},
  volume  = {24},
  number  = {3},
  note    = {\highlight{19 citations} on Google Scholar}
}

@article{OlSDGH:14,
  author  = {Michael Olejnik and
             Michel Steuwer and
             Sergei Gorlatch and
             Dominik Heider},
  title   = {gCUP: Rapid GPU-based HIV-1 Coreceptor Usage Prediction for
             Next-Generation Sequencing},
  journal = {Bioinformatics},
  year    = {2014},
  volume  = {30},
  number  = {22},
  note    = {\highlight{11 citations} on Google Scholar}
}
@article{StG:14,
  author  = {Michel Steuwer and
             Sergei Gorlatch},
  title   = {SkelCL: A High-Level Extension of OpenCL for Multi-GPU Systems},
  journal = {The Journal of Supercomputing},
  volume  = {69},
  number  = {1},
  year    = {2014},
  note    = {\strongHighlight{21 citations} on Google Scholar}
}

@article{StFAG:14,
  author  = {Michel Steuwer and
             Malte Friese and
             Sebastian Albers and
             Sergei Gorlatch},
  title   = {Introducing and Implementing the Allpairs Skeleton for
             Programming Multi-GPU Systems},
  journal = {Int. Journal of Parallel Programming},
  year    = {2014},
  volume  = {42},
  number  = {4},
  note    = {\highlight{14 citations} on Google Scholar}
}

@article{KeSG:13,
  author  = {Philipp Kegel and
             Michel Steuwer and
             Sergei Gorlatch},
  title   = {dOpenCL: Towards uniform programming of distributed
             heterogeneous multi-/many-core systems},
  journal = {Journal of Parallel and Distributed Computing},
  volume  = {73},
  number  = {12},
  year    = {2013},
  note    = {\highlight{14 citations} on Google Scholar}
}