% thesis
@phdthesis{DBLP:books/daglib/0036235,
author    = {Michel Steuwer},
title     = {Improving Programmability and Performance Portability on Many-Core
    Processors},
school    = {University of M{\"{u}}nster},
year      = {2015},
note      = {Grade: \textit{Summa Cum Laude}, Supervied by Prof. Sergei Gorlatch, Nominated for the \strong{prize for best dissertation} awarded by the German Informatics Society},
keywords  = {thesis},
}
% journal article
@article{StHBG:14,
  author    = {Steuwer, M. and Haidl, M. and Breuer, S. and Gorlatch, S.},
  title     = {{High-Level Programming of Stencil Computations on Multi-GPU Systems
          Using the SkelCL Library}},
  journal   = {Parallel Processing Letters},
  year      = {2014},
  volume    = {24},
  number    = {3},
  note      = {SJR Ranking: Q3, 12 citations on Google Scholar},
  sjr-ranking = {Q3},
  keywords  = {journal},
}
@article{OlSDGH:14,
  author    = {Olejnik, M. and Steuwer, M. and Dybowski, J. N. and Gorlatch, S. and Heider, D.},
  title     = {{gCUP: Rapid GPU-based HIV-1 Coreceptor Usage Prediction for Next-Generation Sequencing}},
  journal   = {Bioinformatics},
  year      = {2014},
  volume    = {30},
  number    = {22},
  note      = {SJR \strong{Ranking: Q1}},
  sjr-ranking = {Q1},
  keywords  = {journal},
}
@article{StG:14,
  author    = {Steuwer, M. and Gorlatch, S.},
  title     = {{SkelCL: A High-Level Extension of OpenCL for Multi-GPU Systems}},
  journal   = {The Journal of Supercomputing},
  volume    = {69},
  number    = {1},
  year      = {2014},
  note      = {SJR Ranking: Q3, 12 citations on Google Scholar},
  sjr-ranking = {Q3},
  keywords  = {journal},
}
@article{StFAG:14,
  author    = {Steuwer, M. and Friese, M. and Albers, S. and Gorlatch, S.},
  title     = {{Introducing and Implementing the Allpairs Skeleton for GPU Systems}},
  journal   = {Int. Journal of Parallel Programming},
  year      = {2014},
  volume    = {42},
  number    = {4},
  note      = {SJR Ranking: Q3, 11 citations on Google Scholar},
  sjr-ranking = {Q3},
  keywords  = {journal},
}
@article{KeSG:13,
  author    = {Kegel, P. and Steuwer, M. and Gorlatch, S.},
  title     = {{dOpenCL: Towards uniform programming of distributed
          heterogeneous multi-/many-core systems}},
  journal   = {Journal of Parallel and Distributed Computing},
  volume    = {73},
  number    = {12},
  year      = {2013},
  note      = {SJR Ranking: Q2, 11 citations on Google Scholar},
  sjr-ranking = {Q2},
  keywords  = {journal},
}

% conference proceedings
@inproceedings{asplos/GinsbachReStBoDuBo2018,
  author    = {Philip Ginsbach and
      Toomas Remmelg and
      Michel Steuwer and
      Bruno Bodin and
      Christophe Dubach and
      Michael F. P. O'Boyle},
  title     = {Automatic matching of legacy code to heterogeneous APIs: An idiomatic approach},
  booktitle = {Proceedings of the Twenty-Third International Conference on Architectural Support
      for Programming Languages and Operating Systems, {ASPLOS} 2018,
      Williamsburg, VA, USA, March 24-28, 2018},
  publisher = {{ACM}},
  year      = {2018},
  location  = {Williamsburg, VA, USA},
  note      = {CORE 2018 \strong{Ranking: A*}, \strong{Acceptance Rate 17.5\%}, \strong{HiPEAC Paper Award}},
  core-ranking = {A*},
  keywords  = {proceedings, conference}
}
@inproceedings{cgo/HagedornStStGoDu2018,
  author    = {Bastian Hagedorn and
      Larisa Stoltzfus and
      Michel Steuwer and
      Sergei Gorlatch and
      Christophe Dubach},
  title     = {High Performance Stencil Code Generation with LIFT},
  booktitle = {Proceedings of the 2018 International Symposium on Code Generation
      and Optimization, {CGO} 2018, Vienna, Austria, February 24-28, 2018},
  publisher = {{ACM}},
  year      = {2018},
  location  = {Vienna, Austria},
  note      = {CORE 2018 \strong{Ranking: A}, \strong{Acceptance Rate 29\%}, \strong{Best Paper Award Winner}, 10 citations on Google Scholar},
  core-ranking = {A},
  keywords  = {proceedings, conference}
}
@inproceedings{ershov/HagedornStGo2017,
  author    = {Bastian Hagedorn and
      Michel Steuwer and
      Sergei Gorlatch},
  editor    = {Andrei Voronkov and
      Alexander K. Petrenko},
  title     = {A Transformation-Based Approach to Developing High-Performance GPU Programs},
  booktitle = {Perspectives of System Informatics - 11th International Ershov Informatics
      Conference, {PSI} 2017, Moscow, Russia, June 26-29, 2017.},
  year      = {2017},
  note      = {CORE 2018 Ranking: B},
  core-ranking = {B},
  keywords  = {proceedings, conference}
}
@inproceedings{vee/FumeroStStDu2017,
  author    = {Juan Fumero and Michel Steuwer and Lukas Stadler and Christophe Dubach},
  title     = {Just-In-Time GPU Compilation for Interpreted Languages with Partial Evaluation},
  booktitle = {Proceedings of the 13th {ACM} {SIGPLAN/SIGOPS} International Conference
      on Virtual Execution Environments, {VEE} 2017, Xi'an, China, April 8-9, 2017},
  publisher = {{ACM}},
  year      = {2017},
  location  = {Xi'an, China},
  note      = {CORE 2018 \strong{Ranking: A}, 12 citations on Google Scholar},
  core-ranking = {A},
  keywords  = {proceedings, conference}
}
@inproceedings{cgo/SteuwerReDu2017,
author    = {Michel Steuwer and Toomas Remmelg and Christophe Dubach},
title     = {LIFT: A Functional Data-Parallel {IR} for High-Performance {GPU} Code Generation},
booktitle = {Proceedings of the 2017 International Symposium on Code Generation
    and Optimization, {CGO} 2017, Austin, TX, USA, February 4-8, 2017},
publisher = {{IEEE}},
year      = {2017},
location  = {Austin, USA},
note      = {CORE 2018 \strong{Ranking: A}, \strong{Acceptance Rate 22\%}, \strong{43 citations} on Google Scholar, \strong{most cited paper of CGO 2017}},
core-ranking = {A},
keywords  = {proceedings, conference}
}
@inproceedings{CASES2016,
  author    = {Michel Steuwer and Toomas Remmelg and Christophe Dubach},
  title     = {Matrix Multiplication Beyond Auto-Tuning: Rewrite-based GPU Code Generation},
  booktitle = {Proceedings of the 2016 International Conference on Compilers, Architecture, and Synthesis of Embedded Systems,
      {CASES}},
  year      = {2016},
  location  = {Pittsburgh, USA},
  note      = {CORE 2018 \strong{Ranking: A}},
  core-ranking = {A},
  keywords  = {proceedings, conference}
}
@inproceedings{DBLP:conf/icfp/SteuwerFLD15,
  author    = {Michel Steuwer and
      Christian Fensch and
      Sam Lindley and
      Christophe Dubach},
  title     = {Generating Performance Portable Code using Rewrite Rules: From High-Level
      Functional Expressions to High-Performance OpenCL Code},
  booktitle = {Proceedings of the 20th {ACM} {SIGPLAN} International Conference on
      Functional Programming, {ICFP} 2015},
  year      = {2015},
  note      = {CORE 2018 \strong{Ranking: A*}, \strong{Acceptance Rate 29\%}, \strong{66 citations} on Google Scholar, \strong{most cited paper of ICFP 2015}},
  location  = {Vancouver, Canada},
  core-ranking = {A*},
  keywords  = {proceedings, conference},
}
@inproceedings{DBLP:conf/pppj/FumeroRSD15,
author    = {Juan Jos{\'{e}} Fumero and
Toomas Remmelg and
Michel Steuwer and
Christophe Dubach},
title     = {Runtime Code Generation and Data Management for Heterogeneous Computing
    in Java},
booktitle = {Proceedings of the Principles and Practices of Programming on the
    Java Platform, {PPPJ} 2015},
year      = {2015},
location  = {Melbourne, USA},
note      = {CORE 2018 Ranking: C, 11 citations on Google Scholar},
core-ranking = {C},
keywords  = {proceedings, conference},
}
@inproceedings{GoS:14,
  author    = {Gorlatch, S. and Steuwer, M.},
  title     = {{Towards High-Level Programming for Systems with Many Cores}},
  booktitle = {Perspectives of Systems Informatics 9th International Andrei Ershov Memorial Conference (PSI 2014)},
  year      = {2014},
  location  = {St. Petersburg, Russia},
  note      = {CORE 2018 Ranking: B},
  core-ranking = {B},
  keywords  = {proceedings, conference},
}
@inproceedings{StG:13,
  author    = {Steuwer, M. and Gorlatch, S.},
  title     = {{High-Level Programming for Medical Imaging on Multi-GPU Systems
          using the SkelCL Library}},
  series    = {Procedia Computer Science},
  booktitle = {Proc. of the Int. Conference on Computational
      Science, (ICCS)},
  volume    = {18},
  year      = {2013},
  location  = {Barcelona, Spain},
  note      = {CORE 2018 \strong{Ranking: A}},
  core-ranking = {A},
  keywords  = {proceedings, conference},
}
@inproceedings{StG:13b,
  author    = {Steuwer, M. and Gorlatch, S.},
  title     = {{SkelCL: Enhancing OpenCL for High-Level Programming of Multi-GPU
          Systems}},
  booktitle = {Parallel Computing Technologies 2013},
  series    = {Lecture Notes in Computer Science},
  year      = {2013},
  location  = {St. Petersburg, Russia},
  note      = {\strong{31 citations} on Google Scholar},
  keywords  = {proceedings, conference},
}
@inproceedings{StKG:12b,
  author    = {Steuwer, M. and
      Kegel, P. and
      Gorlatch, S.},
  title     = {{A High-Level Programming Approach for Distributed Systems
          with Accelerators}},
  booktitle = {New Trends in Software Methodologies, Tools and Techniques --
      Proceedings of the 11th SoMeT'12},
  year      = {2012},
  note      = {CORE 2018 Ranking: B},
  core-ranking = {B},
  keywords  = {proceedings, conference},
}

% workshop proceedings
@inproceedings{MogersSVSDT2019,
  author    = {Naums Mogers and
      Aaron Smith and
      Dimitrios Vytiniotis and
      Michel Steuwer and
      Christophe Dubach and
      Ryota Tomioka},
  title     = {Towards Mapping Lift to Deep Neural Network Accelerators},
  booktitle = {Proceedings of the Workshop on Emerging Deep Learning Accelerators, {EDLA} 2019, Valencia, Spain, January 21, 2019},
  year      = {2019},
  keywords  = {proceedings, workshop}
}
@inproceedings{DBLP:conf/iwocl/BrownBHRRS18,
  author    = {Gordon Brown and
      Christopher Di Bella and
      Michael Haidl and
      Toomas Remmelg and
      Ruyman Reyes and
      Michel Steuwer},
  title     = {Introducing Parallelism to the Ranges {TS}},
  booktitle = {Proceedings of the International Workshop on OpenCL, {IWOCL} 2018, Oxford, United Kingdom, May 14-16, 2018},
  year      = {2018},
  keywords  = {proceedings, workshop}
}
@inproceedings{wolfhpc/StoltzfusDuStGrBi2017,
  author    = {  Larisa Stoltzfus
      and Christophe Dubach
      and Michel Steuwer
      and Alan Gray
      and Stefan Bilbao},
  title     = {A Modular Approach to Performance, Portability and Productivity for {3D} Wave Models},
  booktitle = {Proceedings of WOLFHPC 2017, the Seventh International Workshop on Domain-Specific Languages and High-Level Frameworks for High Performance Computing},
  year      = {2017},
  keywords  = {proceedings, workshop},
}
@inproceedings{morevms/FumeroStStDu2017,
  author    = {Juan Fumero and Michel Steuwer and Lukas Stadler and Christophe Dubach},
  title     = {OpenCL JIT Compilation for Dynamic Programming Languages},
  booktitle = {Proceedings of the 2017 Workshop on Modern Language Runtimes, Ecosystems, and VMs, MoreVMs@<Programming> 2017, Brussels, Belgium, April 3, 2017},
  year      = {2017},
  keywords  = {proceedings, workshop},
}
@inproceedings{pmam/HaidlStDiHuGo2017,
  author    = {Michael Haidl and Michel Steuwer and Hendrik Dirks and Tim Hummernbrum and Sergei Gorlatch},
  title     = {Towards Composable GPU Programming: Programming GPUs with Eager Actions and Lazy Views},
  booktitle = {PMAM'17: Proceedings of the 8th International Workshop on Programming Models
      and Applications for Multicores and Manycores},
  publisher = {{ACM}},
  year      = {2017},
  location  = {Austin, USA},
  keywords  = {proceedings, workshop},
}
@inproceedings{ReLSD:16,
  author    = {Toomas Remmelg and Thibaut Lutz and Michel Steuwer and Christophe Dubach},
  title     = {Performance Portable GPU Code Generation for Matrix Multiplication},
  booktitle = {GPGPU'16: Proceedings of the 9th {ACM} Workshop on General Purpose Processing using GPUs},
  year      = {2016},
  location  = {Barcelona, Spain},
  note      = {14 citations on Google Scholar},
  keywords  = {proceedings, workshop},
}
@inproceedings{HaSHG:16,
  author    = {Michael Haidl and Michel Steuwer and Tim Humernbrum and Sergei Gorlatch},
  title     = {Multi-Stage Programming for GPUs in Modern C++ using PACXX},
  booktitle = {GPGPU'16: Proceedings of the 9th {ACM} Workshop on General Purpose Processing using GPUs},
  year      = {2016},
  location  = {Barcelona, Spain},
  keywords  = {proceedings, workshop},
}
@inproceedings{HaSCGD:16,
  author    = {Adam Harries and Michel Steuwer and Murray Cole and Alan Gray and Christophe Dubach},
  title     = {Compositional Compilation for Sparse, Irregular Data Parallelism},
  booktitle = {HLPGPGPU'16: Workshop on High-Level Prog. for Heterogeneous and Hierarchical Parallel Systems},
  year      = {2016},
  location  = {Prague, Czech Republic},
  keywords  = {proceedings, workshop},
}
@inproceedings{CuPSL:16b,
  author    = {Chris Cummins and Pavlos Petoumenos and Michel Steuwer and Hugh Leather},
  title     = {Towards Collaborative Performance Tuning of Algorithmic Skeletons},
  booktitle = {HLPGPGPU'16: Workshop on High-Level Prog. for Heterogeneous and Hierarchical Parallel Systems},
  year      = {2016},
  location  = {Prague, Czech Republic},
  keywords  = {proceedings, workshop},
}
@inproceedings{CuPSL:16,
  author    = {Chris Cummins and Pavlos Petoumenos and Michel Steuwer and Hugh Leather},
  title     = {Autotuning OpenCL Workgroup Size for Stencil Patterns},
  booktitle = {ADAPT'16: Proceedings of the 2016 International Workshop
      on Adaptive Self-tuning Computing Systems},
  year      = {2016},
  location  = {Prague, Czech Republic},
  note      = {16 citations on Google Scholar},
  keywords  = {proceedings, workshop},
}
@inproceedings{FuSD:14,
author    = {Juan Jos{\'{e}} Fumero and Steuwer, M. and Dubach, C.},
title     = {A Composable Array Function Interface for Heterogeneous Computing in Java},
booktitle = {ARRAY'14: Proceedings of the 2014 {ACM} {SIGPLAN} International Workshop
    on Libraries, Languages, and Compilers for Array Programming},
year      = {2014},
location  = {Edinburgh, Scotland},
note      = {16 citations on Google Scholar},
keywords  = {proceedings, workshop},
}
@inproceedings{BrSG:14,
  author    = {Breuer, S. and Steuwer, M. and Gorlatch, S.},
  title     = {Extending the SkelCL Skeleton Library for Stencil Computations on Multi-GPU Systems},
  booktitle = {Proceedings of the 1st International Workshop on High-Performance Stencil Computations},
  year      = {2014},
  location  = {Vienna, Austria},
  note      = {11 citations on Google Scholar},
  keywords  = {proceedings, workshop},
}
@inproceedings{StKG:12,
author    = {Steuwer, M. and
    Kegel, P. and
    Gorlatch, S.},
title     = {{Towards High-Level Programming of Multi-{GPU} Systems Using
the SkelCL Library}},
booktitle = {IEEE International Symposium on Parallel and Distributed
    Processing Workshops},
year      = {2012},
ee        = {http://doi.ieeecomputersociety.org/10.1109/IPDPSW.2012.229},
bibsource = {DBLP, http://dblp.uni-trier.de},
note      = {18 citations on Google Scholar},
keywords  = {proceedings, workshop},
}
@inproceedings{StGBB:12,
author    = {Steuwer, M. and Gorlatch, S. and Bu{\ss}, M. and Breuer, S.},
title     = {{Using the {SkelCL} Library for High-Level {GPU} Programming of {2D} Applications}},
booktitle = {Euro-Par 2012: Parallel Processing Workshops},
year      = {2012},
series    = {Lecture Notes in Computer Science},
location  = {Rhodes Island, Greece},
keywords  = {proceedings, workshop},
}
@inproceedings{KeSG:12,
  author    = {Kegel, P. and
      Steuwer, M. and
      Gorlatch, S.},
  title     = {{dOpenCL: Towards a Uniform Programming Approach for Distributed
          Heterogeneous Multi-/Many-Core Systems}},
  booktitle = {IEEE International Symposium on Parallel and Distributed
      Processing Workshops},
  year      = {2012},
  ee        = {http://doi.ieeecomputersociety.org/10.1109/IPDPSW.2012.16},
  bibsource = {DBLP, http://dblp.uni-trier.de},
  note      = {\strong{36 citations} on Google Scholar},
  keywords  = {proceedings, workshop},
}
@inproceedings{StKG:11,
  author    = {Steuwer, M. and
      Kegel, P. and
      Gorlatch, S.},
  title     = {{SkelCL - A Portable Skeleton Library for High-Level GPU
          Programming}},
  booktitle = {IEEE International Symposium on Parallel and Distributed
      Processing Workshops},
  year      = {2011},
  ee        = {http://doi.ieeecomputersociety.org/10.1109/IPDPS.2011.269},
  bibsource = {DBLP, http://dblp.uni-trier.de},
  note      = {\strong{130 citations} on Google Scholar},
  keywords  = {proceedings, workshop},
}

% book chapter
@inbook{St:16,
author    = {Michel Steuwer},
editor    = {Steffen H{\"{o}}lldobler},
title     = {Verbesserung der Programmierbarkeit und Performance-Portabilit{\"a}t von Manycore-Prozessoren {(\small Improving Programmability and Performance Portability on Many-Core Processors)}},
booktitle = {Ausgezeichnete Informatikdissertationen 2015 {(\small Distinguished Dissertations in Informatics 2015)}},
series    = {{Lecture Notes in Informatics}},
publisher = {{German Informatics Society}},
year      = {2016},
%note      = {(to appear)},
keywords  = {book},
}
@inbook{KeGEDSK:13,
  author    = {Kessler, C. and Gorlatch, S. and Emmyren, J. and Dastgeer, U. and Steuwer, M. and Kegel, P.},
  title     = {{Skeleton Programming for Portable Many-Core Computing}},
  booktitle = {Programming Multi-core and Many-core Computing Systems},
  publisher = {Wiley},
  year      = {2014},
  keywords  = {book},
}
@inbook{KeSG:13b,
  author    = {Kegel, P. and Steuwer, M. and Gorlatch, S.},
  title     = {{Uniform High-Level Programming of Many-Core and Multi-GPU Systems}},
  booktitle = {Transition of HPC Towards Exascale Computing},
  volume    = {24},
  series    = {Advances in Parallel Computing},
  publisher = {IOS Press},
  year      = {2013},
  keywords  = {book},
}
