@article{DBLP:journals/corr/abs-2205-09655,
  author  = {Xueying Qin and
             Liam O'Connor and
             Michel Steuwer},
  title   = {Primrose: Selecting Container Data Types by their Properties},
  journal = {CoRR},
  volume  = {abs/2205.09655},
  year    = {2022}
}

@article{DBLP:journals/corr/abs-2201-03611,
  author  = {Michel Steuwer and
             Thomas Koehler and
             Bastian KÃ¶pcke and
             Federico Pizzuti},
  title   = {{RISE} {\&} Shine: Language-Oriented Compiler Design},
  journal = {CoRR},
  volume  = {abs/2201.03611},
  year    = {2022}
}

@article{DBLP:journals/corr/abs-2111-13040,
  author  = {Thomas Koehler and
             Phil Trinder and
             Michel Steuwer},
  title   = {Sketch-Guided Equality Saturation: Scaling Equality Saturation to
             Complex Optimizations in Languages with Bindings},
  journal = {CoRR},
  volume  = {abs/2111.13040},
  year    = {2021}
}

@article{DBLP:journals/corr/abs-2103-13390,
  author  = {Rongxiao Fu and
             Xueying Qin and
             Ornela Dardha and
             Michel Steuwer},
  title   = {Row-Polymorphic Types for Strategic Rewriting},
  journal = {CoRR},
  volume  = {abs/2103.13390},
  year    = {2021}
}

@article{DBLP:journals/corr/abs-2002-02268,
  author  = {Bastian Hagedorn and
             Johannes Lenfers and
             Thomas Koehler and
             Sergei Gorlatch and
             Michel Steuwer},
  title   = {A Language for Describing Optimization Strategies},
  journal = {CoRR},
  volume  = {abs/2002.02268},
  year    = {2020}
}

@misc{BrownBHRRSW2018,
  author = {Gordon Brown and
            Christopher Di Bella and
            Michael Haidl and
            Toomas Remmelg and
            Ruyman Reyes and
            Michel Steuwer and
            Michael Wong},
  title  = {P0836R0 Introduce Parallelism to the Ranges TS},
  note   = {\strongHighlight{C++ Standards Committee Papers}},
  year   = {2018}
}

@article{DBLP:journals/corr/abs-1710-08332,
  author  = {Robert Atkey and
             Michel Steuwer and
             Sam Lindley and
             Christophe Dubach},
  title   = {Strategy Preserving Compilation for Parallel Functional Code},
  journal = {CoRR},
  volume  = {abs/1710.08332},
  year    = {2017},
  note    = {\highlight{11 citations} on Google Scholar}
}

@article{DBLP:journals/corr/SteuwerFD15,
  author  = {Michel Steuwer and
             Christian Fensch and
             Christophe Dubach},
  title   = {Patterns and Rewrite Rules for Systematic Code Generation (From High-Level
             Functional Patterns to High-Performance OpenCL Code)},
  journal = {CoRR},
  volume  = {abs/1502.02389},
  year    = {2015}
}