@phdthesis{DBLP:books/daglib/0036235,
  author = {Michel Steuwer},
  title  = {Improving Programmability and Performance Portability
            on Many-Core Processors},
  school = {University of MÃ¼nster},
  year   = {2015},
  note   = {Grade: \textit{Summa Cum Laude},
            \strongHighlight{Nominated} for the \strongHighlight{prize for best dissertation} awarded by the German Informatics Society}
}