@inproceedings{DBLP:conf/ppopp/SiefkeKGS22,
  author    = {Lukas Siefke and
               Bastian Köpcke and
               Sergei Gorlatch and
               Michel Steuwer},
  title     = {Systematically extending a high-level code generator with support for
               tensor cores},
  booktitle = {\highlight{GPGPU@PPoPP 2022}: Proceedings of the 14th Workshop on
               General Purpose Processing Using GPU, 3 April 2022},
  publisher = {ACM},
  year      = {2022}
}

@inproceedings{DBLP:conf/icfp/PizzutiSD21,
  author    = {Federico Pizzuti and
               Michel Steuwer and
               Christophe Dubach},
  title     = {Generating high performance code for irregular data structures using
               dependent types},
  booktitle = {\highlight{FHPNC@ICFP 2021}: Proceedings of the 9th ACM SIGPLAN
               International Workshop on Functional High-Performance and
               Numerical Computing, August 22, 2021},
  publisher = {ACM},
  year      = {2021}
}

@inproceedings{DBLP:conf/gpgpu/RemmelgHLSGD2020,
  author    = {Toomas Remmelg and
               Bastian Hagedorn and
               Lu Li and
               Michel Steuwer and
               Sergei Gorlatch and
               Christophe Dubach},
  title     = {High-Level Hardware Feature Extraction for GPU Performance Prediction
               of Stencils},
  booktitle = {\highlight{GPGPU@PPoPP '20}: 13th Annual Workshop on General Purpose
               Processing using Graphics Processing Unit colocated with 25th ACM SIGPLAN
               Symposium on Principles and Practice of Parallel Programming, San
               Diego, California, USA, February 23, 2020},
  publisher = {ACM},
  year      = {2020}
}

@inproceedings{LuckeSS20,
  author    = {Martin Lücke and
               Michel Steuwer and
               Aaron Smith},
  title     = {A functional pattern-based language in MLIR},
  booktitle = {\highlight{AccML@HiPEAC 2020}: Proc. of the workshop on
               Accelerated Machine Learning, Bologna, Italy, January 20, 2020},
  year      = {2020}
}

@inproceedings{DBLP:conf/icfp/KopckeSG19,
  author    = {Bastian Köpcke and
               Michel Steuwer and
               Sergei Gorlatch},
  title     = {Generating efficient FFT GPU code with Lift},
  booktitle = {\highlight{FHPNC@ICFP 2019}: Proc. of the 8th ACM SIGPLAN
               International Workshop on Functional High-Performance and Numerical Computing,
               Berlin, Germany, August 18, 2019},
  publisher = {ACM},
  year      = {2019}
}

@inproceedings{DBLP:conf/icfp/PizzutiSD19,
  author    = {Federico Pizzuti and
               Michel Steuwer and
               Christophe Dubach},
  title     = {Position-dependent arrays and their application for high performance
               code generation},
  booktitle = {\highlight{FHPNC@ICFP 2019}: Proceedings of the 8th ACM SIGPLAN
               International Workshop on Functional High-Performance and Numerical Computing,
               Berlin, Germany, August 18, 2019},
  publisher = {ACM},
  year      = {2019}
}

@inproceedings{KoepkeSG2019,
  author    = {Bastian Köpke and
               Michel Steuwer and
               Sergei Gorlatch},
  title     = {Generating Fast FFT Code for GPU from High-Level, Pattern-Based Abstractions},
  booktitle = {Proceedings of the International Symposium on
               High-Level Parallel Programming and Applications,
               \highlight{HLPP 2019}, Linköping, Sweden, July 3-5, 2019},
  year      = {2019}
}

@inproceedings{DBLP:conf/pldi/KristienBSD19,
  author    = {Martin Kristien and
               Bruno Bodin and
               Michel Steuwer and
               Christophe Dubach},
  title     = {High-level synthesis of functional patterns with Lift},
  booktitle = {Proceedings of the 6th ACM SIGPLAN International Workshop on Libraries,
               Languages and Compilers for Array Programming,
               \highlight{ARRAY@PLDI 2019}, Phoenix, AZ, USA, June 22, 2019},
  publisher = {ACM},
  year      = {2019},
  note      = {\highlight{18 citations} on Google Scholar}
}

@inproceedings{MogersSVSDT2019,
  author    = {Naums Mogers and
               Aaron Smith and
               Dimitrios Vytiniotis and
               Michel Steuwer and
               Christophe Dubach and
               Ryota Tomioka},
  title     = {Towards Mapping Lift to Deep Neural Network Accelerators},
  booktitle = {Proceedings of the Workshop on Emerging Deep Learning Accelerators,
               \highlight{EDLA@HiPEAC 2019}, Valencia, Spain, January 21, 2019},
  year      = {2019}
}

@inproceedings{DBLP:conf/iwocl/BrownBHRRS18,
  author    = {Gordon Brown and
               Christopher Di Bella and
               Michael Haidl and
               Toomas Remmelg and
               Ruyman Reyes and
               Michel Steuwer},
  title     = {Introducing Parallelism to the Ranges TS},
  booktitle = {Proceedings of the International Workshop on OpenCL, \highlight{IWOCL 2018},
               Oxford, United Kingdom, May 14-16, 2018},
  publisher = {ACM},
  year      = {2018}
}

@inproceedings{wolfhpc/StoltzfusDuStGrBi2017,
  author    = {Larisa Stoltzfus and
               Christophe Dubach and
               Michel Steuwer and
               Alan Gray and
               Stefan Bilbao},
  title     = {A Modular Approach to Performance, Portability and Productivity for
               3D Wave Models},
  booktitle = {Proceedings of the Seventh International Workshop on Domain-Specific
               Languages and High-Level Frameworks for High Performance Computing,
               \highlight{WOLFHPC@SC 2017}, Denver, CO, USA, November 17, 2017},
  year      = {2017}
}

@inproceedings{morevms/FumeroStStDu2017,
  author    = {Juan José Fumero and
               Michel Steuwer and
               Lukas Stadler and
               Christophe Dubach},
  title     = {OpenCL JIT Compilation for Dynamic Programming Languages},
  booktitle = {Proceedings of the 2017 Workshop on Modern Language Runtimes, Ecosystems,
               and VMs, \highlight{MoreVMs@<Programming> 2017},
               Brussels, Belgium, April 3, 2017},
  year      = {2017}
}

@inproceedings{pmam/HaidlStDiHuGo2017,
  author    = {Michael Haidl and
               Michel Steuwer and
               Hendrik Dirks and
               Tim Hummernbrum and
               Sergei Gorlatch},
  title     = {Towards Composable GPU Programming: Programming GPUs with Eager Actions
               and Lazy Views},
  booktitle = {Proceedings of the 8th International Workshop on Programming Models
               and Applications for Multicores and Manycores, \highlight{PMAM@PPoPP 2017}, Austin, TX, USA, February 5, 2017},
  publisher = {ACM},
  year      = {2017}
}

@inproceedings{ReLSD:16,
  author    = {Toomas Remmelg and
               Thibaut Lutz and
               Michel Steuwer and
               Christophe Dubach},
  title     = {Performance Portable GPU Code Generation for Matrix Multiplication},
  booktitle = {Proceedings of the 9th Annual Workshop on General Purpose Processing
               using Graphics Processing Unit, \highlight{GPGPU@PPoPP 2016},
               Barcelona, Spain, March 12 - 16, 2016},
  publisher = {ACM},
  year      = {2016},
  note      = {\strongHighlight{38 citations} on Google Scholar}
}

@inproceedings{HaSHG:16,
  author    = {Michael Haidl and
               Michel Steuwer and
               Tim Humernbrum and
               Sergei Gorlatch},
  title     = {Multi-Stage Programming for GPUs in Modern C++ using PACXX},
  booktitle = {Proceedings of the 9th Annual Workshop on General Purpose Processing
               using Graphics Processing Unit, \highlight{GPGPU@PPoPP 2016},
               Barcelona, Spain, March 12 - 16, 2016},
  publisher = {ACM},
  year      = {2016}
}

@inproceedings{HaSCGD:16,
  author    = {Adam Harries and
               Michel Steuwer and
               Murray Cole and
               Alan Gray and
               Christophe Dubach},
  title     = {Compositional Compilation for Sparse, Irregular Data Parallelism},
  booktitle = {Workshop on High-Level Programming for Heterogeneous and Hierarchical
               Parallel Systems, \highlight{HLPGPGPU@HiPEAC 2016},
               Prague, Czech Republic, January 19, 2016},
  year      = {2016}
}

@inproceedings{CuPSL:16b,
  author    = {Chris Cummins and
               Pavlos Petoumenos and
               Michel Steuwer and
               Hugh Leather},
  title     = {Towards Collaborative Performance Tuning of Algorithmic Skeletons},
  booktitle = {Workshop on High-Level Programming for Heterogeneous and Hierarchical
               Parallel Systems, \highlight{HLPGPGPU@HiPEAC 2016},
               Prague, Czech Republic, January 19, 2016},
  year      = {2016}
}

@inproceedings{CuPSL:16,
  author    = {Chris Cummins and
               Pavlos Petoumenos and
               Michel Steuwer and
               Hugh Leather},
  title     = {Autotuning OpenCL Workgroup Size for Stencil Patterns},
  booktitle = {Proceedings of the 2016 International Workshop
               on Adaptive Self-tuning Computing Systems, \highlight{ADAPT@HiPEAC 2016},
               Prague, Czech Republic, January 18, 2016},
  year      = {2016},
  note      = {\strongHighlight{33 citations} on Google Scholar}
}

@inproceedings{FuSD:14,
  author    = {Juan José Fumero and
               Michel Steuwer and
               Christophe Dubach},
  title     = {A Composable Array Function Interface for Heterogeneous Computing in Java},
  booktitle = {\highlight{ARRAY'14}: Proceedings of the 2014 ACM SIGPLAN
               International Workshop on Libraries, Languages, and Compilers for
               Array Programming, Edinburgh,
               United Kingdom, June 12-13, 2014},
  publisher = {ACM},
  year      = {2014},
  note      = {\strongHighlight{25 citations} on Google Scholar}
}

@inproceedings{BrSG:14,
  author    = {Stefan Breuer and
               Michel Steuwer and
               Sergei Gorlatch},
  title     = {Extending the SkelCL Skeleton Library for Stencil Computations on
               Multi-GPU Systems},
  booktitle = {Proceedings of the 1st International Workshop on High-Performance
               Stencil Computations, \highlight{HiStencils@HiPEAC 2014},
               Vienna, Austria, January 22, 2014},
  year      = {2014},
  note      = {\highlight{19 citations} on Google Scholar},
}

@inproceedings{StKG:12,
  author    = {Michel Steuwer and
               Philipp Kegel and
               Sergei Gorlatch},
  title     = {Towards High-Level Programming of Multi-GPU Systems Using
               the SkelCL Library},
  booktitle = {IEEE International Symposium on Parallel and Distributed
               Processing Workshops, Accelerators and Hybrid Exascale Systems,
               \highlight{ASHES@IPDPS 2012},
               Shanghai, China, May 21-25, 2012},
  publisher = {IEEE},
  year      = {2012},
  note      = {\strongHighlight{23 citations} on Google Scholar}
}

@inproceedings{StGBB:12,
  author    = {Michel Steuwer and
               Sergei Gorlatch and
               Matthias Bu{\ss} and
               Stefan Breuer},
  title     = {Using the SkelCL Library for High-Level GPU Programming of 2D Applications},
  booktitle = {Euro-Par 2012: Parallel Processing Workshops,
               \highlight{Paraphrase},
               Rhodes Islands, Greece, August 27-31, 2012},
  publisher = {Springer},
  series    = {Lecture Notes in Computer Science},
  year      = {2012}
}

@inproceedings{KeSG:12,
  author    = {Philipp Kegel and
               Michel Steuwer and
               Sergei Gorlatch},
  title     = {dOpenCL: Towards a Uniform Programming Approach for Distributed
               Heterogeneous Multi-/Many-Core Systems},
  booktitle = {IEEE International Symposium on Parallel and Distributed
               Processing Workshops, Heterogeneity in Computing Workshop,
               \highlight{HCW@IPDPS 2012}, Shanghai, China, May 21-25,2012},
  publisher = {IEEE},
  year      = {2012},
  note      = {\strongHighlight{54 citations} on Google Scholar}
}

@inproceedings{StKG:11,
  author    = {Michel Steuwer and
               Philipp Kegel and
               Sergei Gorlatch},
  title     = {SkelCL - A Portable Skeleton Library for High-Level GPU Programming},
  booktitle = {IEEE International Symposium on Parallel and Distributed
               Processing Workshops, Workshop on High-Level Parallel Programming Models
               \& Supportive Environments, \highlight{HIPS@IPDPS 2011},
               Anchorage, Alaska, USA, 16-20 May 2011},
  publisher = {IEEE},
  year      = {2011},
  note      = {\strongHighlight{196 citations} on Google Scholar}
}