@inbook{14,
  author    = {Kegel, P. and Steuwer, M. and Gorlatch, S.},
  editor    = {D'Hollander, E. and Dongarra, J. and Foster, I. and Grandinetti L. and Joubert G.},
  title     = {{Uniform High-Level Programming of Many-Core and Multi-GPU Systems}},
  booktitle = {Transition of HPC Towards Exascale Computing},
  volume    = {24},
  series    = {Advances in Parallel Computing},
  publisher = {IOS Press},
  year      = {2013},
  note      = {(to appear)}
}
@inbook{13,
  author    = {Kessler, C. and Gorlatch, S. and Emmyren, J. and Dastgeer, U. and Steuwer, M. and Kegel, P.},
  editor    = {Pllana, S. and Xhafa, F.},
  title     = {{Skeleton Programming for Portable Many-Core Computing}},
  booktitle = {Programming Multi-core and Many-core Computing Systems},
  publisher = {Wiley Interscience},
  location  = {New York},
  year      = {2013},
  note      = {(to appear)}
}
