@inproceedings{13,
  author    = {Steuwer, M. and
               Kegel, P. and
               Gorlatch, S.},
  title     = {{SkelCL - A Portable Skeleton Library for High-Level GPU
                Programming}},
  booktitle = {2011 IEEE International Symposium on Parallel and Distributed
  Processing Workshops and Phd Forums (IPDPSW)},
  year      = {2011},
  pages     = {1176-1182},
  ee        = {http://doi.ieeecomputersociety.org/10.1109/IPDPS.2011.269},
  bibsource = {DBLP, http://dblp.uni-trier.de}
}
@inproceedings{12,
  author    = {Kegel, P. and
               Steuwer, M. and
               Gorlatch, S.},
  title     = {{dOpenCL: Towards a Uniform Programming Approach for Distributed
                Heterogeneous Multi-/Many-Core Systems}},
  booktitle = {2012 IEEE International Symposium on Parallel and Distributed
  Processing Workshops and Phd Forums (IPDPSW)},
  year      = {2012},
  pages     = {174-186},
  ee        = {http://doi.ieeecomputersociety.org/10.1109/IPDPSW.2012.16},
  bibsource = {DBLP, http://dblp.uni-trier.de}
}
@inproceedings{11,
  author    = {Steuwer, M. and Gorlatch, S. and Bu{\ss}, M. and Breuer, S.},
  editor    = {Ioannis, C. and Michael, A. and Rosa, B. and Mario, C. and
               Alexandru, C. and Danelutto, M. and Desprez, F. and Krammer, B. and
               Sahuquillo, J. and Scott, S. and Weidendorfer, J.},
  title     = {{Using the {SkelCL} Library for High-Level {GPU} Programming of {2D} Applications}},
  booktitle = {Euro-Par 2012: Parallel Processing Workshops},
  year      = {2012},
  pages     = {370--380},
  publisher = {Springer},
  series    = {Lecture Notes in Computer Science},
  location  = {Rhodes Island, Greece},
}
@inproceedings{10,
  author    = {Steuwer, M. and
               Kegel, P. and
               Gorlatch, S.},
  editor    = {Hamido, F. and Roberto, R.},
  title     = {{A High-Level Programming Approach for Distributed Systems
                with Accelerators}},
  booktitle = {New Trends in Software Methodologies, Tools and Techniques -- 
               Proceedings of the Eleventh SoMeT'12},
  year      = {2012},
  pages     = {430-441},
}
@inproceedings{9,
  author    = {Steuwer, M. and
               Kegel, P. and
               Gorlatch, S.},
  title     = {{Towards High-Level Programming of Multi-{GPU} Systems Using
                the SkelCL Library}},
  booktitle = {2012 IEEE International Symposium on Parallel and Distributed
  Processing Workshops and Phd Forums (IPDPSW)},
  year      = {2012},
  pages     = {1858-1865},
  ee        = {http://doi.ieeecomputersociety.org/10.1109/IPDPSW.2012.229},
  bibsource = {DBLP, http://dblp.uni-trier.de}
}
@article{8,
  author    = {Steuwer, M. and Gorlatch, S.},
  title     = {{High-Level Programming for Medical Imaging on Multi-GPU Systems
                using the SkelCL Library}},
  journal   = {Procedia Computer Science},
  volume    = {18},
  pages     = {749-758},
  year      = {2013}
}
@inproceedings{7,
  author    = {Steuwer, M. and Gorlatch, S.},
  title     = {{SkelCL: Enhancing OpenCL for High-Level Programming of Multi-GPU
                Systems}},
  booktitle = {Parallel Computing Technologies 2013},
  volume    = {7979},
  series    = {Lecture Notes in Computer Science},
  editor    = {Malyskin, V.},
  publisher = {Springer Berlin Heidelberg},
  pages     = {258-272},
  year      = {2013},
}
@inproceedings{6,
  author    = {Fumero, J. J. and Steuwer, M. and Dubach, C.},
  title     = {A Composable Array Function Interface for Heterogeneous Computing in Java},
  booktitle = {ACM SIGPLAN International Workshop on Libraries, Languages and Compilers for Array Programming},
  year      = {2014},
  note      = {(to appear)}
}
@inproceedings{5,
  author    = {Gorlatch, S. and Steuwer, M.},
  title     = {{Towards High-Level Programming for Systems with Many Cores}},
  booktitle = {Perspectives of Systems Informatics 9th International Andrei Ershov Memorial Conference (PSI 2014)},
  year      = {2014},
  note      = {(to appear)}
}
@inproceedings{4,
  author    = {Breuer S. and Steuwer M. and Gorlatch S.},
  title     = {Extending the SkelCL Skeleton Library for Stencil Computations on Multi-GPU Systems},
  booktitle = {Proceedings of the 1st International Workshop on High-Performance Stencil Computations},
  year      = {2014},
  pages     = {749-758},
  location  = {Vienna, Austria},
}
