@article{3,
  author    = {Kegel, P. and Steuwer, M. and Gorlatch, S.},
  title     = {{dOpenCL: Towards uniform programming of distributed
               heterogeneous multi-/many-core systems}},
  journal   = {Journal of Parallel and Distributed Computing},
  volume    = {73},
  number    = {12},
  year      = {2013},
  pages     = {1639-1648},
}
@article{2,
  author    = {Steuwer, M. and Friese, M. and Albers, S. and Gorlatch, S.},
  title     = {{Introducing and Implementing the Allpairs Skeleton for GPU Systems}},
  journal   = {International Journal of Parallel Programming},
  year      = {2013},
  note      = {(in press)}
}
@article{1,
  author    = {Steuwer, M. and Gorlatch, S.},
  title     = {{SkelCL: A High-Level Extension of OpenCL for Multi-GPU Systems}},
  journal   = {Journal of Supercomputing},
  year      = {2014},
  note      = {(in press)}
}
