@TechReport{StKG-10,
  author    = {Steuwer, M. and Kegel, P. and Gorlatch, S.},
  title     = {{SkelCL -- A Portable Multi-GPU Skeleton Library}},
  institution = {University of M\"{u}nster},
  year      = {2010},
}
@inproceedings{StKG-11,
  author    = {Steuwer, M. and
               Kegel, P. and
               Gorlatch, S.},
  title     = {{SkelCL - A Portable Skeleton Library for High-Level GPU
                Programming}},
  booktitle = {IPDPS Workshops},
  year      = {2011},
  pages     = {1176-1182},
  ee        = {http://doi.ieeecomputersociety.org/10.1109/IPDPS.2011.269},
  bibsource = {DBLP, http://dblp.uni-trier.de}
}
@inproceedings{StKG-12,
  author    = {Steuwer, M. and
               Kegel, P. and
               Gorlatch, S.},
  title     = {{Towards High-Level Programming of Multi-{GPU} Systems Using
                the SkelCL Library}},
  booktitle = {IPDPS Workshops},
  year      = {2012},
  pages     = {1858-1865},
  ee        = {http://doi.ieeecomputersociety.org/10.1109/IPDPSW.2012.229},
  bibsource = {DBLP, http://dblp.uni-trier.de}
}
@inproceedings{KeSG-12,
  author    = {Kegel, P. and
               Steuwer, M. and
               Gorlatch, S.},
  title     = {{dOpenCL: Towards a Uniform Programming Approach for Distributed
                Heterogeneous Multi-/Many-Core Systems}},
  booktitle = {IPDPS Workshops},
  year      = {2012},
  pages     = {174-186},
  ee        = {http://doi.ieeecomputersociety.org/10.1109/IPDPSW.2012.16},
  bibsource = {DBLP, http://dblp.uni-trier.de}
}
@inproceedings{StGBB-12,
  author    = {Steuwer, M. and Gorlatch, S. and Bu{\ss}, M. and Breuer, S.},
  title     = {{Using the {SkelCL} Library for High-Level {GPU} Programming of {2D} Applications}},
  booktitle = {Euro-Par Parallel Processing Workshops 2012},
  year      = {2012},
  location  = {Rhodes Island, Greece},
}
@inproceedings{StKG-12b,
  author    = {Steuwer, M. and
               Kegel, P. and
               Gorlatch, S.},
  title     = {{A High-Level Programming Approach for Distributed Systems
                with Accelerators}},
  booktitle = {SoMeT},
  year      = {2012},
  pages     = {430-441},
  ee        = {http://dx.doi.org/10.3233/978-1-61499-125-0-430},
  bibsource = {DBLP, http://dblp.uni-trier.de}
}
% book chapter
@inproceedings{KeGEDSK-13,
  author    = {Kessler, C. and Gorlatch, S. and Emmyren, J. and Dastgeer, U. and Steuwer, M. and Kegel, P.},
  editor    = {Pllana, S. and Xhafa, F.},
  title     = {{Skeleton Programming for Portable Many-Core Computing}},
  booktitle = {Programming Multi-core and Many-core Computing Systems},
  publisher = {Wiley Interscience},
  location  = {New York},
  year      = {2013},
  note      = {(to appear)}
}
@inproceedings{KeSG-13,
  author    = {Kegel, P. and Steuwer, M. and Gorlatch, S.},
  editor    = {D'Hollander, E. and Dongarra, J. and Foster, I. and Grandinetti L. and Joubert G.},
  title     = {{Uniform High-Level Programming of Many-Core and Multi-GPU Systems}},
  booktitle = {HPC to Exascale},
  publisher = {IOS Press},
  year      = {2013},
  note      = {(to appear)}
}
