% journal article
@article{StG:14,
  author    = {Steuwer, M. and Gorlatch, S.},
  title     = {{SkelCL: A High-Level Extension of OpenCL for Multi-GPU Systems}},
  journal   = {Journal of Supercomputing},
  year      = {2014},
  note      = {(in press)},
  keywords  = {journal},
}
@article{StFAG:13,
  author    = {Steuwer, M. and Friese, M. and Albers, S. and Gorlatch, S.},
  title     = {{Introducing and Implementing the Allpairs Skeleton for GPU Systems}},
  journal   = {Intl. Journal of Parallel Programming},
  year      = {2014},
  volume    = {42},
  number    = {4},
  pages     = {601-618},
  keywords  = {journal},
}
@article{KeSG:13,
  author    = {Kegel, P. and Steuwer, M. and Gorlatch, S.},
  title     = {{dOpenCL: Towards uniform programming of distributed
               heterogeneous multi-/many-core systems}},
  journal   = {Journal of Parallel and Distributed Computing},
  volume    = {73},
  number    = {12},
  year      = {2013},
  pages     = {1639-1648},
  keywords  = {journal},
}

% conference proceedings
@inproceedings{FuSD:14,
  author    = {Fumero, J. J. and Steuwer, M. and Dubach, C.},
  title     = {A Composable Array Function Interface for Heterogeneous Computing in Java},
  booktitle = {ACM SIGPLAN International Workshop on Libraries, Languages and Compilers for Array Programming},
  year      = {2014},
  note      = {(to appear)},
  location  = {Edinburgh, UK},
  keywords  = {proceedings, workshop},
}
@inproceedings{GoS:14,
  author    = {Gorlatch, S. and Steuwer, M.},
  title     = {{Towards High-Level Programming for Systems with Many Cores}},
  booktitle = {Perspectives of Systems Informatics 9th International Andrei Ershov Memorial Conference (PSI 2014)},
  year      = {2014},
  note      = {(to appear)},
  location  = {St. Petersburg, Russia},
  keywords  = {proceedings, conference},
}
@inproceedings{BrSG:14,
  author    = {Breuer, S. and Steuwer, M. and Gorlatch, S.},
  editor    = {Größlinger, A. and Köstler, H.},
  title     = {Extending the SkelCL Skeleton Library for Stencil Computations on Multi-GPU Systems},
  booktitle = {Proc. of the 1st International Workshop on High-Performance Stencil Computations},
  year      = {2014},
  pages     = {749-758},
  location  = {Vienna, Austria},
  keywords  = {proceedings, workshop},
}
@inproceedings{StG:13,
  author    = {Steuwer, M. and Gorlatch, S.},
  title     = {{High-Level Programming for Medical Imaging on Multi-GPU Systems
                using the SkelCL Library}},
  series    = {Procedia Computer Science},
  booktitle = {Proceedings of the International Conference on Computational
               Science, (ICCS)},
  volume    = {18},
  pages     = {749-758},
  year      = {2013},
  location  = {Barcelona, Spain},
  keywords  = {proceedings, conference},
}
@inproceedings{StG:13b,
  author    = {Steuwer, M. and Gorlatch, S.},
  title     = {{SkelCL: Enhancing OpenCL for High-Level Programming of Multi-GPU
                Systems}},
  booktitle = {Parallel Computing Technologies 2013},
  volume    = {7979},
  series    = {Lecture Notes in Computer Science},
  editor    = {Malyskin, V.},
  publisher = {Springer Berlin Heidelberg},
  pages     = {258-272},
  year      = {2013},
  location  = {St. Petersburg, Russia},
  keywords  = {proceedings, conference},
}
@inproceedings{StKG:12b,
  author    = {Steuwer, M. and
               Kegel, P. and
               Gorlatch, S.},
  editor    = {Hamido, F. and Roberto, R.},
  title     = {{A High-Level Programming Approach for Distributed Systems
                with Accelerators}},
  booktitle = {New Trends in Software Methodologies, Tools and Techniques (SoMeT'12)},
  year      = {2012},
  pages     = {430-441},
  location  = {Genoa, Italy},
  keywords  = {proceedings, conference},
}
@inproceedings{StKG:12,
  author    = {Steuwer, M. and
               Kegel, P. and
               Gorlatch, S.},
  title     = {{Towards High-Level Programming of Multi-{GPU} Systems Using
                the SkelCL Library}},
  booktitle = {2012 IEEE Intl. Symposium on Parallel and Distributed
  Processing Workshops (IPDPSW)},
  year      = {2012},
  pages     = {1858-1865},
  location  = {Shanghai, China},
  keywords  = {proceedings, workshop},
}
@inproceedings{StGBB:12,
  author    = {Steuwer, M. and Gorlatch, S. and Bu{\ss}, M. and Breuer, S.},
  editor    = {Ioannis, C. and Michael, A. and Rosa, B. and Mario, C. and
               Alexandru, C. and Danelutto, M. and Desprez, F. and Krammer, B. and
               Sahuquillo, J. and Scott, S. and Weidendorfer, J.},
  title     = {{Using the {SkelCL} Library for High-Level {GPU} Programming of {2D} Applications}},
  booktitle = {Euro-Par 2012: Parallel Processing Workshops},
  year      = {2012},
  pages     = {370--380},
  publisher = {Springer},
  series    = {Lecture Notes in Computer Science},
  location  = {Rhodes Island, Greece},
  keywords  = {proceedings, workshop},
}
@inproceedings{KeSG:12,
  author    = {Kegel, P. and
               Steuwer, M. and
               Gorlatch, S.},
  title     = {{dOpenCL: Towards a Uniform Programming Approach for Distributed
                Heterogeneous Multi-/Many-Core Systems}},
  booktitle = {2012 IEEE Intl. Symposium on Parallel and Distributed
  Processing Workshops (IPDPSW)},
  year      = {2012},
  pages     = {174-186},
  location  = {Shanghai, China},
  keywords  = {proceedings, workshop},
}
@inproceedings{StKG:11,
  author    = {Steuwer, M. and
               Kegel, P. and
               Gorlatch, S.},
  title     = {{SkelCL - A Portable Skeleton Library for High-Level GPU
                Programming}},
  booktitle = {2011 IEEE International Symposium on Parallel and Distributed
  Processing Workshops and Phd Forums (IPDPSW)},
  year      = {2011},
  pages     = {1176-1182},
  ee        = {http://doi.ieeecomputersociety.org/10.1109/IPDPS.2011.269},
  bibsource = {DBLP, http://dblp.uni-trier.de},
  location  = {Anchorage, USA},
  keywords  = {proceedings, workshop},
}

% book chapter
@inbook{KeGEDSK:13,
  author    = {Kessler, C. and Gorlatch, S. and Emmyren, J. and Dastgeer, U. and Steuwer, M. and Kegel, P.},
  editor    = {Pllana, S. and Xhafa, F.},
  title     = {{Skeleton Programming for Portable Many-Core Computing}},
  booktitle = {Programming Multi-core and Many-core Computing Systems},
  publisher = {Wiley Interscience},
  location  = {New York},
  year      = {2013},
  note      = {(to appear)},
  keywords  = {book},
}
@inbook{KeSG:13b,
  author    = {Kegel, P. and Steuwer, M. and Gorlatch, S.},
  editor    = {D'Hollander, E. and Dongarra, J. and Foster, I. and Grandinetti L. and Joubert G.},
  title     = {{Uniform High-Level Programming of Many-Core and Multi-GPU Systems}},
  booktitle = {Transition of HPC Towards Exascale Computing},
  volume    = {24},
  series    = {Advances in Parallel Computing},
  publisher = {IOS Press},
  year      = {2013},
  note      = {(to appear)},
  keywords  = {book},
}

